<record><leader>00000cas a2200000 a 4500</leader><controlfield tag="001">12590050</controlfield><controlfield tag="008">850923d198u2000nyuwr ne      0   a0eng d</controlfield><datafield ind1=" " ind2=" " tag="010"><subfield code="a">sn 85004856 </subfield></datafield><datafield ind1=" " ind2=" " tag="040"><subfield code="a">HUC</subfield><subfield code="b">eng</subfield><subfield code="c">HUC</subfield><subfield code="d">NSD</subfield><subfield code="d">NPH</subfield><subfield code="d">NST</subfield><subfield code="d">OCL</subfield><subfield code="d">HLS</subfield><subfield code="d">OCLCQ</subfield><subfield code="d">OCLCF</subfield><subfield code="d">OCLCO</subfield></datafield><datafield ind1=" " ind2=" " tag="012"><subfield code="m">y</subfield></datafield><datafield ind1="0" ind2=" " tag="022"><subfield code="a">0885-9094</subfield><subfield code="l">0885-9094</subfield><subfield code="y">0745-3736</subfield><subfield code="2">1</subfield></datafield><datafield ind1="1" ind2=" " tag="029"><subfield code="a">AU@</subfield><subfield code="b">000022171706</subfield></datafield><datafield ind1=" " ind2=" " tag="032"><subfield code="a">475110</subfield><subfield code="b">USPS</subfield></datafield><datafield ind1=" " ind2=" " tag="037"><subfield code="b">Queens Jewish Week, Inc., 1 Park Ave., New York, N.Y. 10016</subfield></datafield><datafield ind1=" " ind2=" " tag="042"><subfield code="a">nsdp</subfield></datafield><datafield ind1=" " ind2=" " tag="043"><subfield code="a">n-us-ny</subfield></datafield><datafield ind1="1" ind2=" " tag="082"><subfield code="a">305</subfield><subfield code="2">11</subfield></datafield><datafield ind1="0" ind2=" " tag="210"><subfield code="a">Queens Jew. week</subfield></datafield><datafield ind1=" " ind2="4" tag="222"><subfield code="a">The Queens Jewish week</subfield></datafield><datafield ind1="0" ind2="4" tag="245"><subfield code="a">The Queens Jewish week.</subfield></datafield><datafield ind1="3" ind2="0" tag="246"><subfield code="a">Jewish week</subfield></datafield><datafield ind1="1" ind2="7" tag="246"><subfield code="a">Jewish Week, Inc</subfield></datafield><datafield ind1=" " ind2=" " tag="260"><subfield code="a">New York, N.Y. :</subfield><subfield code="b">Jewish Week,</subfield><subfield code="c">-2000.</subfield></datafield><datafield ind1=" " ind2=" " tag="300"><subfield code="a">v. :</subfield><subfield code="b">ill. ;</subfield><subfield code="c">37 cm.</subfield></datafield><datafield ind1=" " ind2=" " tag="310"><subfield code="a">Weekly</subfield></datafield><datafield ind1="0" ind2=" " tag="362"><subfield code="a">-v. 213, no. 24 (Nov. 24, 2000).</subfield></datafield><datafield ind1=" " ind2=" " tag="588"><subfield code="a">Description based on: Vol. 198, no. 13 (Aug. 9, 1985).</subfield></datafield><datafield ind1=" " ind2="0" tag="650"><subfield code="a">Jewish newspapers</subfield><subfield code="z">New York (State)</subfield><subfield code="z">New York.</subfield></datafield><datafield ind1=" " ind2="0" tag="650"><subfield code="a">Jews</subfield><subfield code="x">Social life and customs</subfield><subfield code="v">Newspapers.</subfield></datafield><datafield ind1=" " ind2="7" tag="655"><subfield code="a">Newspapers.</subfield><subfield code="2">fast</subfield><subfield code="0">(OCoLC)fst01423814</subfield></datafield><datafield ind1=" " ind2="7" tag="650"><subfield code="a">Jewish newspapers.</subfield><subfield code="2">fast</subfield><subfield code="0">(OCoLC)fst00982872</subfield></datafield><datafield ind1=" " ind2="7" tag="650"><subfield code="a">Jews</subfield><subfield code="x">Social life and customs.</subfield><subfield code="2">fast</subfield><subfield code="0">(OCoLC)fst00983364</subfield></datafield><datafield ind1=" " ind2="7" tag="651"><subfield code="a">New York (State)</subfield><subfield code="z">New York.</subfield><subfield code="2">fast</subfield><subfield code="0">(OCoLC)fst01204333</subfield></datafield><datafield ind1=" " ind2=" " tag="752"><subfield code="a">United States</subfield><subfield code="b">New York</subfield><subfield code="d">New York.</subfield></datafield><datafield ind1="1" ind2=" " tag="776"><subfield code="c">Microfilm</subfield><subfield code="d">State Historical Society of Wisconsin</subfield><subfield code="w">(DLC)sn 92012325</subfield><subfield code="w">(OCoLC)26829455</subfield></datafield><datafield ind1="0" ind2="0" tag="780"><subfield code="t">Queens, Kings Jewish week</subfield><subfield code="x">0745-3736</subfield><subfield code="w">(OCoLC)9114510</subfield></datafield><datafield ind1="0" ind2="0" tag="785"><subfield code="t">New York Jewish week</subfield><subfield code="b">Queens ed.</subfield><subfield code="x">0745-5356</subfield><subfield code="w">(DLC)  2001235256</subfield><subfield code="w">(OCoLC)45743977</subfield></datafield></record>